% Encoding: UTF-8

@Article{Moin2023,
  author    = {Moin, Tanvir Siddike},
  date      = {2023},
  title     = {Overview of Computer Vision},
  doi       = {10.13140/RG.2.2.13989.68327},
  language  = {en},
  publisher = {Unpublished},
}

 
@InBook{Anand2024,
  author    = {Anand, Rohit and Madhusudan, B. S. and Bhalekar, Dattatray G.},
  booktitle = {Applications of Computer Vision and Drone Technology in Agriculture 4.0},
  date      = {2024},
  title     = {Computer Vision and Agricultural Robotics for Disease Control},
  doi       = {10.1007/978-981-99-8684-2_3},
  isbn      = {9789819986842},
  pages     = {31--47},
  publisher = {Springer Nature Singapore},
}

 
@Article{Germanese2023,
  author       = {Germanese, Danila and Colantonio, Sara and Del Coco, Marco and Carcagnì, Pierluigi and Leo, Marco},
  date         = {2023-10},
  journaltitle = {Information},
  title        = {Computer Vision Tasks for Ambient Intelligence in Children’s Health},
  doi          = {10.3390/info14100548},
  issn         = {2078-2489},
  number       = {10},
  pages        = {548},
  volume       = {14},
  publisher    = {MDPI AG},
}

 
@Article{Tasnim2023,
  author       = {Tasnim, Suaibia and Qi, Wang},
  date         = {2023-07},
  journaltitle = {European Journal of Electrical Engineering and Computer Science},
  title        = {Progress in Object Detection: An In-Depth Analysis of Methods and Use Cases},
  doi          = {10.24018/ejece.2023.7.4.537},
  issn         = {2736-5751},
  number       = {4},
  pages        = {39--45},
  volume       = {7},
  publisher    = {European Open Science Publishing},
}

@Article{Olaoye2024,
  author       = {Olaoye, Favour and Potter, Kaledio and Doris, Lucas},
  date         = {2024-03},
  journaltitle = {Journal of Scientific Conference Proceedings},
  title        = {Computer Vision and Image Recognition Techniques},
  priority     = {prio1},
}

@TechReport{VESA2013,
  author       = {{Video Electronics Standards Association}},
  date         = {2013-02-08},
  institution  = {{Video Electronics Standards Association}},
  title        = {VESA Coordinated Video Timings (CVT) Standard – Version 1.2},
  pages        = {17--19},
  url          = {https://glenwing.github.io/docs/VESA-CVT-1.2.pdf},
  howpublished = {{VESA}},
  month        = {February},
  year         = {2013},
}

@TechReport{Samsung2024,
  author      = {{Samsung}},
  date        = {2024-01-31},
  institution = {{Samsung Electronics Co., Ltd.}},
  title       = {{Galaxy S24 Specifications}},
  url         = {https://www.samsung.com/latin_en/smartphones/galaxy-s24/specs/},
  year        = {2024},
}

@Online{ValveCorporation2024,
  author       = {{Valve Corporation}},
  date         = {2024-03-01},
  title        = {{Steam Hardware Survey}},
  url          = {http://web.archive.org/web/20240430110900/https://store.steampowered.com/hwsurvey/Steam-Hardware-Software-Survey-Welcome-to-Steam},
  organization = {{Valve Corporation}},
  version      = {March 2024},
  howpublished = {Online},
}

@Comment{jabref-meta: databaseType:biblatex;}
