% Encoding: UTF-8

@Online{StatistiekVlaanderen2023,
  author  = {{Statistiek Vlaanderen}},
  date    = {2024-03-13},
  title   = {Sportparticipatie},
  url     = {https://www.vlaanderen.be/statistiek-vlaanderen/sport/sportparticipatie},
  urldate = {2024-05-05},
}

@Report{SportVlaanderen2023,
  author  = {{Sport Vlaanderen}},
  date    = {2023-06},
  title   = {Jaarverslag 2022},
  url     = {https://www.vlaanderen.be/publicaties/jaarverslag-sport-vlaanderen},
  urldate = {2024-02-15},
}

@Online{GoogleCloud2024,
  author  = {{Google Cloud}},
  date    = {2024-02-16},
  title   = {Innovate faster with enterprise-ready AI, enhanced by Gemini models},
  url     = {https://cloud.google.com/vertex-ai?hl=en},
  urldate = {2024-02-16},
}

@Article{Floridi2020,
  author       = {Luciano Floridi and Massimo Chiriatti},
  date         = {2020-11},
  journaltitle = {Minds and Machines},
  title        = {{GPT}-3: Its Nature, Scope, Limits, and Consequences},
  doi          = {10.1007/s11023-020-09548-1},
  number       = {4},
  pages        = {681--694},
  url          = {https://link.springer.com/content/pdf/10.1007/s11023-020-09548-1.pdf?pdf=button},
  urldate      = {2023-05-26},
  volume       = {30},
  publisher    = {Springer Science and Business Media {LLC}},
}

@Article{Elkins2020,
  author       = {Elkins, Katherine and Chun, Jon},
  date         = {2020-09-14},
  journaltitle = {Journal of Cultural Analytics},
  title        = {Can {GPT}-3 Pass a Writerâ€™s Turing Test?},
  doi          = {10.22148/001c.17212},
  url          = {https://culturalanalytics.org/article/17212-can-gpt-3-pass-a-writer-s-turing-test},
  urldate      = {2023-05-26},
  volume       = {5},
  journal      = {Journal of Cultural Analytics},
  month        = {09},
  year         = {2020},
}

@Article{Katz2023,
  author       = {Daniel Martin Katz and Michael James Bommarito and Shang Gao and Pablo Arredondo},
  date         = {2023},
  journaltitle = {{SSRN} Electronic Journal},
  title        = {{GPT}-4 Passes the Bar Exam},
  doi          = {10.2139/ssrn.4389233},
  url          = {https://papers.ssrn.com/sol3/papers.cfm?abstract_id=4389233#},
  urldate      = {2023-05-26},
  publisher    = {Elsevier {BV}},
}

@Article{Liu2019,
  author  = {Yinhan Liu and Myle Ott and Naman Goyal and Jingfei Du and Mandar Joshi and Danqi Chen and Omer Levy and Mike Lewis and Luke Zettlemoyer and Veselin Stoyanov},
  title   = {RoBERTa: A Robustly Optimized BERT Pretraining Approach},
  doi     = {https://doi.org/10.48550/arXiv.1907.11692},
  url     = {https://arxiv.org/pdf/1907.11692.pdf},
  urldate = {2023-05-26},
  volume  = {abs/1907.11692},
  journal = {ArXiv},
  year    = {2019},
}

@Manual{AMD2024,
  author  = {{AMD}},
  date    = {2024-01-11},
  title   = {Installing TensorFlow for ROCm},
  url     = {https://rocm.docs.amd.com/projects/install-on-linux/en/latest/how-to/3rd-party/tensorflow-install.html},
  urldate = {2024-02-15},
}

@Comment{jabref-meta: databaseType:biblatex;}
